<record><leader>00000cas a22000007a 4500</leader><controlfield tag="001">10009949</controlfield><controlfield tag="008">831013d19301986ohudr ne      0    0eng d</controlfield><datafield ind1=" " ind2=" " tag="010"><subfield code="a">sn 83035545 </subfield></datafield><datafield ind1=" " ind2=" " tag="040"><subfield code="a">NPY</subfield><subfield code="b">eng</subfield><subfield code="c">NPY</subfield><subfield code="d">ONP</subfield><subfield code="d">OCLCQ</subfield><subfield code="d">OCLCF</subfield><subfield code="d">OCLCO</subfield></datafield><datafield ind1="1" ind2=" " tag="029"><subfield code="a">AU@</subfield><subfield code="b">000020499401</subfield></datafield><datafield ind1="1" ind2=" " tag="029"><subfield code="a">AU@</subfield><subfield code="b">000044352612</subfield></datafield><datafield ind1="1" ind2=" " tag="029"><subfield code="a">AU@</subfield><subfield code="b">000061152654</subfield></datafield><datafield ind1=" " ind2=" " tag="042"><subfield code="a">msc</subfield></datafield><datafield ind1=" " ind2=" " tag="043"><subfield code="a">n-us-oh</subfield></datafield><datafield ind1="0" ind2=" " tag="130"><subfield code="a">Coshocton tribune (Coshocton, Ohio : 1930)</subfield></datafield><datafield ind1="1" ind2="4" tag="245"><subfield code="a">The Coshocton tribune.</subfield></datafield><datafield ind1="1" ind2="3" tag="246"><subfield code="a">Coshocton tribune and times-age</subfield></datafield><datafield ind1=" " ind2=" " tag="260"><subfield code="a">Coshocton, Ohio :</subfield><subfield code="b">Tribune Co.,</subfield><subfield code="c">1930-1986.</subfield></datafield><datafield ind1=" " ind2=" " tag="300"><subfield code="a">v.</subfield></datafield><datafield ind1=" " ind2=" " tag="310"><subfield code="a">Daily</subfield></datafield><datafield ind1="0" ind2=" " tag="362"><subfield code="a">Vol. 21, no. 59 (Jan. 2, 1930)-v. 76, no. 273 (Mar. 31, 1986).</subfield></datafield><datafield ind1=" " ind2=" " tag="500"><subfield code="a">"An Independent newspaper."</subfield></datafield><datafield ind1=" " ind2="0" tag="651"><subfield code="a">Coshocton (Ohio)</subfield><subfield code="v">Newspapers.</subfield></datafield><datafield ind1=" " ind2="0" tag="651"><subfield code="a">Coshocton County (Ohio)</subfield><subfield code="v">Newspapers.</subfield></datafield><datafield ind1=" " ind2="7" tag="655"><subfield code="a">Newspapers.</subfield><subfield code="2">fast</subfield><subfield code="0">(OCoLC)fst01423814</subfield></datafield><datafield ind1=" " ind2="7" tag="651"><subfield code="a">Ohio</subfield><subfield code="z">Coshocton.</subfield><subfield code="2">fast</subfield><subfield code="0">(OCoLC)fst01220859</subfield></datafield><datafield ind1=" " ind2="7" tag="651"><subfield code="a">Ohio</subfield><subfield code="z">Coshocton County.</subfield><subfield code="2">fast</subfield><subfield code="0">(OCoLC)fst01218107</subfield></datafield><datafield ind1=" " ind2=" " tag="752"><subfield code="a">United States</subfield><subfield code="b">Ohio</subfield><subfield code="c">Coshocton</subfield><subfield code="d">Coshocton.</subfield></datafield><datafield ind1="0" ind2="0" tag="780"><subfield code="t">Coshocton tribune and times-age</subfield><subfield code="w">(DLC)sn 88078227</subfield></datafield><datafield ind1="0" ind2="0" tag="785"><subfield code="t">Tribune (Coshocton, Ohio)</subfield><subfield code="w">(DLC)sn 88078228</subfield></datafield></record>